<?xml version="1.0" encoding="UTF-8"?><collection xmlns="http://www.loc.gov/MARC21/slim"><record><leader>00605nam--2200205-i-4500</leader><controlfield tag="001">000015593</controlfield><controlfield tag="002">20161230</controlfield><controlfield tag="005">20161230201031</controlfield><controlfield tag="008">060222s1000------------r-----000-0-rum-d</controlfield><datafield ind1=" " ind2=" " tag="040"><subfield code="a">IFIN-HH</subfield></datafield><datafield ind1=" " ind2=" " tag="041"><subfield code="a">rum</subfield></datafield><datafield ind1=" " ind2=" " tag="080"><subfield code="a">658:519.6</subfield></datafield><datafield ind1="1" ind2=" " tag="100"><subfield code="a">Andrasiu, M./S.A.</subfield></datafield><datafield ind1="1" ind2="0" tag="245"><subfield code="a">Metode de decizii multicriteriale</subfield><subfield code="c">M. andrasiu, aurora baciu, anca pascu, elena puscas, al. tasnadi</subfield></datafield><datafield ind1=" " ind2=" " tag="260"><subfield code="a">Bucuresti</subfield><subfield code="b">Editura Tehnica</subfield><subfield code="c">1986</subfield></datafield><datafield ind1=" " ind2=" " tag="300"><subfield code="a">200 P</subfield></datafield><datafield ind1=" " ind2=" " tag="490"><subfield code="a">Seria Bazele Matematice Ale Cercetarii Operationale</subfield></datafield><datafield ind1="1" ind2=" " tag="700"><subfield code="a">Tasnadi, Al</subfield></datafield><datafield ind1=" " ind2=" " tag="852"><subfield code="a">73062</subfield><subfield code="c">519.283</subfield></datafield><datafield ind1=" " ind2=" " tag="CAT"><subfield code="a">Sys</subfield><subfield code="c">20130808</subfield><subfield code="h">132706</subfield></datafield></record></collection>